% This file was created with JabRef 2.9.2.
% Encoding: Cp1257

@InProceedings{ElliottHudak97:Fran,
   title        = {Functional Reactive Animation},
   url          = {http://conal.net/papers/icfp97/},
   author       = "Conal Elliott and Paul Hudak",
   booktitle    = "International Conference on Functional Programming",
   year         = 1997
 }
